<?xml version="1.0" encoding="UTF-8"?><collection xmlns="http://www.loc.gov/MARC21/slim"><record><leader>00629nam--2200181-i-4500</leader><controlfield tag="001">000011967</controlfield><controlfield tag="002">20161230</controlfield><controlfield tag="005">20161230201029</controlfield><controlfield tag="008">060222s1000------------r-----000-0-fre-d</controlfield><datafield ind1=" " ind2=" " tag="040"><subfield code="a">IFIN-HH</subfield></datafield><datafield ind1=" " ind2=" " tag="041"><subfield code="a">fre</subfield></datafield><datafield ind1=" " ind2=" " tag="080"><subfield code="a">539.2:538.958(043)</subfield></datafield><datafield ind1="1" ind2=" " tag="100"><subfield code="a">Bonnel, Bernard</subfield></datafield><datafield ind1="1" ind2="0" tag="245"><subfield code="a">Contribution a l'etude des proprietes optiques dans l'infra-rouge des milieux isotropes et an isotropes inactifs absorbants par des mesures de facteurs de reflexion</subfield><subfield code="b">These</subfield><subfield code="c">Bernard bonnel</subfield></datafield><datafield ind1=" " ind2=" " tag="260"><subfield code="a">Lille</subfield><subfield code="b">Universite Des Sciences Et Techniques De Lille</subfield><subfield code="c">1975</subfield></datafield><datafield ind1=" " ind2=" " tag="300"><subfield code="a">134 P</subfield></datafield><datafield ind1=" " ind2=" " tag="852"><subfield code="a">44162</subfield><subfield code="c">539.2</subfield></datafield><datafield ind1=" " ind2=" " tag="CAT"><subfield code="a">Sys</subfield><subfield code="c">20121025</subfield><subfield code="h">143749</subfield></datafield></record></collection>